@misc{relatmodel,
	title="Что такое реляционная база данных? [Электронный ресурс]",
	howpublished="Режим доступа: \url{https://aws.amazon.com/ru/relational-database/} (дата обращения: 26.05.2024)"
}

@misc{postrelatmodel,
	title="Постреляционная модель [Электронный ресурс]",
	howpublished="Режим доступа: \url{https://spravochnick.ru/bazy_dannyh/dorelyacionnye_modeli_dannyh/postrelyacionnaya_model/#osnovnye-ponyatiya} (дата обращения: 26.05.2024)"
}

@misc{goperf,
	title="Язык программирования Golang – что это? [Электронный ресурс]",
	howpublished="Режим доступа: \url{https://lemon.school/ru/blog/mova-programuvannya-golang-shho-tse} (дата обращения: 26.05.2024)"
}

@misc{golang,
	title="Golang Documentation [Электронный ресурс]",
	howpublished="Режим доступа: \url{https://go.dev/doc/} (дата обращения: 26.05.2024)"
}

@misc{goland,
	title="JetBrains Goland [Электронный ресурс]",
	howpublished="Режим доступа: \url{https://www.jetbrains.com/ru-ru/go/} (дата обращения: 26.05.2024)"
}

@misc{tsreact,
	title="TypeScript: Documentation -- React [Электронный ресурс]",
	howpublished="Режим доступа: \url{https://www.typescriptlang.org/docs/handbook/react.html} (дата обращения: 26.05.2024)"
}

@misc{psql,
	title="PostgreSQL Documentation [Электронный ресурс]",
	howpublished="Режим доступа: \url{https://www.postgresql.org/docs/} (дата обращения: 26.05.2024)"
}

@misc{db_opr,
	title="Что такое база данных? [Электронный ресурс]",
	howpublished="Режим доступа: \url{https://www.oracle.com/cis/database/what-is-database/} (дата обращения: 26.05.2024)"
}

@misc{db_models,
	title="Модели баз данных [Электронный ресурс]",
	howpublished="Режим доступа: \url{https://koi.tspu.ru/inf_syst_shem.htm} (дата обращения: 26.05.2024)"
}

@misc{inv_list,
	title="Ранние СУБД [Электронный ресурс]",
	howpublished="Режим доступа: \url{http://algmet.simulacrum.me/subd/lect3.htm} (дата обращения: 26.05.2024)"
}

@misc{relat,
	title="Реляционная модель данных [Электронный ресурс]",
	howpublished="Режим доступа: \url{https://bseu.by/it/tohod/lekcii2_3.htm} (дата обращения: 26.05.2024)"
}

@misc{postrelat,
	title="Постреляционные СУБД [Электронный ресурс]",
	howpublished="Режим доступа: \url{https://dit.isuct.ru/IVT/BOOKS/DBMS/DBMS14/ch_6_2.html} (дата обращения: 26.05.2024)"
}

@misc{psycopg,
	title="psycopg2 [Электронный ресурс]",
	howpublished="Режим доступа: \url{https://www.psycopg.org/docs/} (дата обращения: 26.05.2024)"
}

